%% This BibTeX bibliography file was created using BibDesk.
%% https://bibdesk.sourceforge.io/

%% Created for Caleb Bowers at 2019-11-02 16:36:06 -0400 


%% Saved with string encoding Unicode (UTF-8) 



@article{Cadar2013,
	Acmid = {2408795},
	Address = {New York, NY, USA},
	Author = {Cadar, Cristian and Sen, Koushik},
	Date-Modified = {2019-11-02 16:36:05 -0400},
	Doi = {10.1145/2408776.2408795},
	Issn = {0001-0782},
	Issue_Date = {February 2013},
	Journal = {Commun. ACM},
	Month = feb,
	Number = {2},
	Numpages = {9},
	Pages = {82--90},
	Publisher = {ACM},
	Title = {Symbolic Execution for Software Testing: Three Decades Later},
	Url = {http://doi.acm.org/10.1145/2408776.2408795},
	Volume = {56},
	Year = {2013},
	Bdsk-Url-1 = {http://doi.acm.org/10.1145/2408776.2408795},
	Bdsk-Url-2 = {https://doi.org/10.1145/2408776.2408795}}
