%% This BibTeX bibliography file was created using BibDesk.
%% https://bibdesk.sourceforge.io/

%% Created for Caleb Bowers at 2019-10-27 14:02:10 -0400 


%% Saved with string encoding Unicode (UTF-8) 



@inproceedings{Gennaro2001,
	Author = {Rosario Gennaro and Pankaj Rohatgi},
	Date-Added = {2019-10-25 10:24:25 -0400},
	Date-Modified = {2019-10-25 10:27:51 -0400},
	Month = {February},
	Number = {1},
	Pages = {110-116},
	Publisher = {Information and Computation},
	Title = {How to sign digital streams},
	Volume = {165},
	Year = {2001}}

@article{Bochman1980,
	Author = {Gregor V. Bochman and Carl A. Sunshine},
	Date-Added = {2019-10-22 10:29:36 -0400},
	Date-Modified = {2019-10-22 11:31:25 -0400},
	Journal = {IEEE Transactions on Communications},
	Title = {Formal Methods in Communication Protocol Design},
	Year = {1980}}

@article{Matam2016,
	Author = {Rakesh Matam and Somanath Tripathy},
	Date-Added = {2019-10-14 15:09:26 -0400},
	Date-Modified = {2019-10-14 15:10:10 -0400},
	Journal = {Journal of Computer Networks and Communications},
	Title = {Secure Multicast Routing Algorithm for Wireless Mesh Networks,},
	Year = {2016}}

@article{Gorrieri2008,
	Author = {Gorrieri, Roberto and Martinelli, Fabio and Petrocchi, Marinella},
	Date-Added = {2019-10-14 15:06:17 -0400},
	Date-Modified = {2019-10-14 15:07:12 -0400},
	Journal = {Journal of Automated Reasoning},
	Month = {Nov},
	Number = {3},
	Pages = {325-364},
	Title = {Formal Models and Analysis of Secure Multicast in Wired and Wireless Networks},
	Volume = {41},
	Year = {2008}}

@inproceedings{Lien2004FormalMA,
	Author = {Elisabeth Lien},
	Date-Added = {2019-10-14 14:37:56 -0400},
	Date-Modified = {2019-10-14 14:38:34 -0400},
	Title = {Formal modelling and analysis of the NORM multicast protocol using Real-Time Maude},
	Year = {2004}}

@inproceedings{Petri1966,
	Author = {C. A. Petri},
	Date-Modified = {2019-10-22 11:13:12 -0400},
	Title = {Communication with Automata},
	Year = {1966}}

@inproceedings{Creese1999,
	Address = {Berlin, Heidelberg},
	Author = {Creese, S. J. and Reed, Joy},
	Booktitle = {Parallel and Distributed Processing},
	Date-Modified = {2019-10-22 11:34:07 -0400},
	Pages = {1243--1257},
	Publisher = {Springer Berlin Heidelberg},
	Title = {Verifying end-to-end protocols using induction with CSP/FDR},
	Year = {1999}}

@inproceedings{Henzinger2002,
	Acmid = {503279},
	Address = {New York, NY, USA},
	Author = {Henzinger, Thomas A. and Jhala, Ranjit and Majumdar, Rupak and Sutre, Gr{\'e}goire},
	Booktitle = {Proceedings of the 29th ACM SIGPLAN-SIGACT Symposium on Principles of Programming Languages},
	Date-Modified = {2019-10-23 13:33:44 -0400},
	Doi = {10.1145/503272.503279},
	Isbn = {1-58113-450-9},
	Location = {Portland, Oregon},
	Numpages = {13},
	Pages = {58--70},
	Publisher = {ACM},
	Series = {POPL '02},
	Title = {Lazy Abstraction},
	Url = {http://doi.acm.org/10.1145/503272.503279},
	Year = {2002},
	Bdsk-Url-1 = {http://doi.acm.org/10.1145/503272.503279}}

@misc{rfc2205,
	Abstract = {This memo describes version 1 of RSVP, a resource reservation setup protocol designed for an integrated services Internet. RSVP provides receiver-initiated setup of resource reservations for multicast or unicast data flows, with good scaling and robustness properties. {[}STANDARDS-TRACK{]}},
	Author = {Robert T. Braden and Lixia Zhang and Steven Berson and Shai Herzog and Sugih Jamin},
	Doi = {10.17487/RFC2205},
	Howpublished = {RFC 2205},
	Month = sep,
	Number = 2205,
	Pagetotal = 112,
	Publisher = {RFC Editor},
	Series = {Request for Comments},
	Title = {{Resource ReSerVation Protocol (RSVP) -- Version 1 Functional Specification}},
	Url = {https://rfc-editor.org/rfc/rfc2205.txt},
	Year = 1997,
	Bdsk-Url-1 = {https://rfc-editor.org/rfc/rfc2205.txt},
	Bdsk-Url-2 = {https://doi.org/10.17487/RFC2205}}

@misc{rfc2627,
	Author = {Eric J. Harder and Debby M. Wallner},
	Doi = {10.17487/RFC2627},
	Howpublished = {RFC 2627},
	Month = jun,
	Number = 2627,
	Pagetotal = 23,
	Publisher = {RFC Editor},
	Series = {Request for Comments},
	Title = {{Key Management for Multicast: Issues and Architectures}},
	Url = {https://rfc-editor.org/rfc/rfc2627.txt},
	Year = 1999,
	Bdsk-Url-1 = {https://rfc-editor.org/rfc/rfc2627.txt},
	Bdsk-Url-2 = {https://doi.org/10.17487/RFC2627}}

@misc{rfc5740,
	Author = {Joseph P. Macker and Carsten Bormann and Mark J. Handley and Brian Adamson},
	Doi = {10.17487/RFC5740},
	Howpublished = {RFC 5740},
	Month = nov,
	Number = 5740,
	Pagetotal = 96,
	Publisher = {RFC Editor},
	Series = {Request for Comments},
	Title = {{NACK-Oriented Reliable Multicast (NORM) Transport Protocol}},
	Url = {https://rfc-editor.org/rfc/rfc5740.txt},
	Year = 2009,
	Bdsk-Url-1 = {https://rfc-editor.org/rfc/rfc5740.txt},
	Bdsk-Url-2 = {https://doi.org/10.17487/RFC5740}}

@inproceedings{Perrig2000,
	Author = {A. {Perrig} and R. {Canetti} and J. D. {Tygar} and {Dawn Song}},
	Booktitle = {Proceeding 2000 IEEE Symposium on Security and Privacy. S P 2000},
	Date-Modified = {2019-10-25 10:30:45 -0400},
	Doi = {10.1109/SECPRI.2000.848446},
	Month = {May},
	Pages = {56-73},
	Title = {Efficient authentication and signing of multicast streams over lossy channels},
	Year = {2000},
	Bdsk-Url-1 = {https://doi.org/10.1109/SECPRI.2000.848446}}

@article{Perrig2002,
	Author = {Perrig, Adrian and Szewczyk, Robert and Tygar, J.D. and Wen, Victor and Culler, David E.},
	Day = {01},
	Doi = {10.1023/A:1016598314198},
	Issn = {1572-8196},
	Journal = {Wireless Networks},
	Month = {Sep},
	Number = {5},
	Pages = {521--534},
	Title = {SPINS: Security Protocols for Sensor Networks},
	Url = {https://doi.org/10.1023/A:1016598314198},
	Volume = {8},
	Year = {2002},
	Bdsk-Url-1 = {https://doi.org/10.1023/A:1016598314198}}

@inproceedings{Borujerdi2004,
	Author = {Borujerdi, Mohammad and Mirzababaei, S.},
	Date-Modified = {2019-10-26 11:30:10 -0400},
	Month = {01},
	Pages = {270-273},
	Title = {Formal Verification of a Multicast Protocol In Mobile Networks.},
	Year = {2004}}

@inproceedings{Smith1996,
	Acmid = {277477},
	Address = {London, UK, UK},
	Author = {Smith, M. A. S.},
	Booktitle = {IFIP TC6/ 6.1 International Conference on Formal Description Techniques IX/Protocol Specification, Testing and Verification XVI on Formal Description Techniques IX : Theory, Application and Tools: Theory, Application and Tools},
	Isbn = {0-412-79490-X},
	Keywords = {automata and languages, network protocols, verification},
	Location = {Kaiserslautern, Germany},
	Numpages = {16},
	Pages = {129--144},
	Publisher = {Chapman \& Hall, Ltd.},
	Title = {Formal Verification of Communication Protocols},
	Url = {http://dl.acm.org/citation.cfm?id=277467.277477},
	Year = {1996},
	Bdsk-Url-1 = {http://dl.acm.org/citation.cfm?id=277467.277477}}

@book{Holzmann1990,
	Address = {Upper Saddle River, NJ, USA},
	Author = {Holzmann, Gerard J.},
	Date-Modified = {2019-10-26 11:37:49 -0400},
	Isbn = {0-13-539925-4},
	Publisher = {Prentice-Hall, Inc.},
	Title = {Design and Validation of Computer Protocols},
	Year = {1991}}

@article{Tan2000,
	Author = {Tan, Cheng Lin and Pink, Stephen},
	Day = {01},
	Doi = {10.1023/A:1019125015943},
	Issn = {1572-8153},
	Journal = {Mobile Networks and Applications},
	Month = {Dec},
	Number = {4},
	Pages = {259--271},
	Title = {MobiCast: A multicast scheme for wireless networks},
	Url = {https://doi.org/10.1023/A:1019125015943},
	Volume = {5},
	Year = {2000},
	Bdsk-Url-1 = {https://doi.org/10.1023/A:1019125015943}}

@phdthesis{Smith1997,
	Address = {Cambridge, MA, USA},
	Author = {Smith, Mark Anthony Shawn},
	Note = {AAI0599243},
	Publisher = {Massachusetts Institute of Technology},
	Title = {Formal Verification of TCP and T/TCP},
	Year = {1997}}
