%% This BibTeX bibliography file was created using BibDesk.
%% https://bibdesk.sourceforge.io/

%% Created for Caleb Bowers at 2019-11-16 14:37:48 -0500 


%% Saved with string encoding Unicode (UTF-8) 



@inproceedings{Lien2004FormalMA,
	Author = {Elisabeth Lien},
	Date-Added = {2019-10-14 14:37:56 -0400},
	Date-Modified = {2019-10-14 14:38:34 -0400},
	Title = {Formal modelling and analysis of the NORM multicast protocol using Real-Time Maude},
	Year = {2004}}

@inproceedings{Lien2009,
	Author = {E. {Lien} and P. C. {{\"O}lveczky}},
	Booktitle = {2009 Seventh IEEE International Conference on Software Engineering and Formal Methods},
	Date-Modified = {2019-11-16 14:37:48 -0500},
	Doi = {10.1109/SEFM.2009.11},
	Keywords = {formal specification;multicast protocols;formal modeling;formal analysis;IETF multicast protocol;real-time Maude;model checking;NORM multicast protocol standard;Multicast protocols;Object oriented modeling;Real time systems;Internet;Analytical models;Standards development;Transport protocols;Formal specifications;Testing;Pattern analysis;IETF;multicast protocols;formal modeling;model checking;rewriting logic},
	Month = {Nov},
	Pages = {273-282},
	Title = {Formal Modeling and Analysis of an IETF Multicast Protocol},
	Year = {2009},
	Bdsk-Url-1 = {https://doi.org/10.1109/SEFM.2009.11}}
